@article{DBLP:journals/corr/abs-1711-07601,
  author    = {Chantat Eksombatchai and
               Pranav Jindal and
               Jerry Zitao Liu and
               Yuchen Liu and
               Rahul Sharma and
               Charles Sugnet and
               Mark Ulrich and
               Jure Leskovec},
  title     = {Pixie: {A} System for Recommending 3+ Billion Items to 200+ Million
               Users in Real-Time},
  journal   = {CoRR},
  volume    = {abs/1711.07601},
  year      = {2017},
  url       = {http://arxiv.org/abs/1711.07601},
  archivePrefix = {arXiv},
  eprint    = {1711.07601},
  timestamp = {Thu, 04 Jan 2018 07:54:45 +0100},
  biburl    = {https://dblp.org/rec/bib/journals/corr/abs-1711-07601},
  bibsource = {dblp computer science bibliography, https://dblp.org}
}

@misc{medium-article,
  author = {{Pinterest Engineering}},
  title = {{Introducing Pixie, an advanced graph-based recommendation system}},
  howpublished = "\url{https://medium.com/@Pinterest_Engineering/introducing-pixie-an-advanced-graph-based-recommendation-system-e7b4229b664b}",
  year = {2017},
  note = "[Online; pristupljeno 1.6.2018.]"
}

@book{mmd,
 author = {Rajaraman, Anand and Ullman, Jeffrey David},
 title = {Mining of Massive Datasets},
 year = {2011},
 isbn = {1107015359, 9781107015357},
 publisher = {Cambridge University Press},
 address = {New York, NY, USA},
}

@misc{rovkp-mahout,
  author = {Krešimir Pripužić and Ivana Podnar Žarko and Damir Pintar},
  title = {8. Sustavi za preporučivanje objekata u raspodijeljenom okruženju},
  year = {2018},
  howpublished = "\url{https://www.fer.unizg.hr/_download/repository/ROVKP-2018_08.pdf}",
  note = "Prezentacija s kolegija \textit{Raspodijeljena obrada velike količine podataka}"
}

@misc{avsp-recommender,
  author = {Marin Šilić},
  title = {{Recommender Systems}},
  year = {2018},
  howpublished = "\url{https://www.fer.unizg.hr/_download/repository/AVSP_11_RecSys.pdf}",
  note = "Prezentacija s kolegija \textit{Analiza velikih skupova podataka}"
}
